@INPROCEEDINGS{galago,
author = {David Fisher},
title = {Galago Documentation},
url = {https://sourceforge.net/p/lemur/wiki/Galago\%20Operators/}
}
@INPROCEEDINGS{word2vec,
title={Word2vec},
url={https://en.wikipedia.org/wiki/Word2vec},
journal={Wikipedia},
publisher={Wikimedia Foundation},
year={2020},
month={Apr}
}
@INPROCEEDINGS{qrels,
author = {Rafael Glater},
year = {2016},
month = {May},
title = {Learning how to use treceval to evaluate your information retrieval system},
url = {http://www.rafaelglater.com/en/post/learn-how-to-use-trec_eval-to-evaluate-your-information-retrieval-system}
}