@INPROCEEDINGS{one,
author = {Cao, Yunbo and Xu, Jun and Liu, Tie-Yan and Li, Hang and Huang, Yalou and Hon, Hsiao-Wuen},
year = {2006},
month = {01},
pages = {186-193},
title = {Adapting Ranking SVM to Document Retrieval},
journal = {Proc. ACM SIGIR Int. Conf. Information Retrieval (SIGIR'06)},
doi = {10.1145/1148170.1148205}
}